@inproceedings{Beldiceanu675954,
   author = {Beldiceanu, Nicolas and Flener, Pierre and Pearson, Justin and Van Hentenryck, Pascal},
   booktitle = {Proc. 28th AAAI Conference on Artificial Intelligence: Volume 4},
   institution = {Uppsala University, Computing Science},
   pages = {2616--2622},
   title = {Propagating regular counting constraints},
   year = {2014}
}
@inproceedings{Monette771427,
   author = {Monette, Jean-No\"{e}l and Flener, Pierre and Pearson, Justin},
   booktitle = {Proc. 28th AAAI Conference on Artificial Intelligence: Volume 4},
   institution = {Uppsala University, Computing Science},
   pages = {2710--2716},
   title = {A propagator design framework for constraints over sequences},
   year = {2014}
}

@mastersthesis{Dye761927,
   author = {Dye, Kellen},
   institution = {Uppsala University, Department of Information Technology},
   school = {Uppsala University, Department of Information Technology},
   title = {Implementation of bit-vector variables in a {CP} solver, with an application to the generation of cryptographic S-boxes},
   series = {IT},
   number = {14 063},
   year = {2014},
   note = {\url{http://uu.diva-portal.org/smash/get/diva2:761927/FULLTEXT01.pdf}}
}

@misc{mpg,
	author={Schulte, Christian and Tack, Guido and Lagerkvist, Mikael Z.},
	title={Modeling and Programming with {Gecode}},
	note={\url{http://www.gecode.org/doc/4.3.3/MPG.pdf}}
}

@incollection{FruehwirthMS06,
          author    = { Fr\"{u}hwirth, T. and Michel, L. and Schulte, C. },
          chapter   = { 4.3 },
          title     = { Constraints in Procedural and Concurrent Languages },
          editor    = { Rossi, F. and van Beek, P. and Walsh, T. },
          booktitle = { Handbook of Constraint Programming },
          publisher = { Elsevier },
          year      = { 2006 }
      }
      
@book{hopcroft2001introduction,
  title={Introduction to Automata Theory, Languages, and Computation},
  author={Hopcroft, J.E. and Motwani, R. and Ullman, J.D.},
  isbn={9780201441246},
  lccn={78067950},
  series={Addison-Wesley series in computer science},
  url={https://books.google.se/books?id=omIPAQAAMAAJ},
  year={2001},
  publisher={Addison-Wesley}
}
    